@book{TwentyThousandLeaguesUnderTheSea,
  title={Twenty Thousand Leagues Under the Sea},
  author={Verne, Jules},
  series={Voyages Extraordinaires},
  url={https://en.wikipedia.org/wiki/Twenty_Thousand_Leagues_Under_the_Sea},
  year={1872},
  publisher={Pierre-Jules Hetzel}
}

