@Article{EmmitBrown1955,
  author = {Brown, Emmett},
  title = {The flux capacitor - what makes time travel possible},
  year = {1955},
  journal = {Proceedings of the fictional Journal of time travel},
}

@inproceedings{ExampleArticle1984,
 author = {Doe, John},
 title = {The mystical appearance of myself in the mirror},
 booktitle = {Proceedings of the 1984 International Conference on images seen in mirrors},
 series = {Mirrors 1984},
 year = {1984},
 location = {Boston, Massachusetts},
 pages = {47--57},
 numpages = {11},
}

