@PHDTHESIS{EmmitBrown1947,
  author = {Brown, Emmett},
  title = {Physics and other science},
  school = {University of fictional science},
  year = {1947}
}

@PHDTHESIS{DoeJane2001,
  author = {Doe, Jane},
  title = {Next generation Particle Physics},
  school = {Imperial College London},
  year = {2001}
}

@PHDTHESIS{PersonA1994,
  author = {Person, A},
  title = {Computational Physics},
  school = {University of Computational Science},
  year = {1994}
}

